<?xml version="1.0" encoding="UTF-8"?><collection xmlns="http://www.loc.gov/MARC21/slim"><record><leader>00312nam--2200121-i-4500</leader><controlfield tag="001">000042839</controlfield><controlfield tag="002">20161230</controlfield><controlfield tag="005">20161230201043</controlfield><controlfield tag="008">060222s1000------------r-----000-0-eng-d</controlfield><datafield ind1=" " ind2=" " tag="080"><subfield code="a">620.91</subfield></datafield><datafield ind1=" " ind2=" " tag="245"><subfield code="a">Il prezzo dell`energia eletrica nei paesi della c.e.e</subfield></datafield><datafield ind1=" " ind2=" " tag="260"><subfield code="a">Roma, C.N.E.N., 1963, Xi + 185p</subfield></datafield><datafield ind1=" " ind2=" " tag="852"><subfield code="a">25946</subfield></datafield></record></collection>